@article{DBLP:journals/joc/BonehLS04,
  author    = {Dan Boneh and
               Ben Lynn and
               Hovav Shacham},
  title     = {Short Signatures from the Weil Pairing},
  journal   = {J. Cryptology},
  volume    = {17},
  number    = {4},
  pages     = {297--319},
  year      = {2004}
 }