@misc{Round5_NISTPQCRound2,
title="Round5:KEM and PKE based on (Ring) Learning with Rounding",
author="Baan, Hayo and Bhattacharya, Sauvik and Fluhrer, Scott and Garcia-Morchon, Oscar and Laarhoven, Thijs and Player, Rachel and Rietman, Ronald and Saarinen, Markku-Juhani O. and Tolhuizen, Ludo and Torre-Arce, {Jos{\'{e}} Luis} and Zhang, Zhenfei",
howpublished="NIST PQC",
year="2019",
month="March",
note="Supporting Documentation for NIST PQC Submission, Round 2"}